

@misc{Bryant06,
  author        = {Avi Bryant},
  title         = {"Web Heresies: The Seaside Framework" Session notes, OSCON 2006},
  month         = {July},
  year          = {2006},
  publisher={Dabble DB},
  url = {http://web.archive.org/web/20140830152243id_/http://conferences.oreillynet.com/cs/os2006/view/e_sess/8942}
}

@online{Fitzl,
  author = {Julian Fitzell},
  title = {Seaside History},
  year = 2008,
  url = {http://blog.fitzell.ca/2008/09/seaside-history.html},
  urldate = {2016-09-12}
}

@book{perscheid2008introduction,
  title={An Introduction to Seaside - Developing Web Applications with Squeak and Smalltalk},
  author={Perscheid, Michael and Tibbe, David and Beck, Martin and Berger, Stefan and Osburg, Peter and Eastman, Jeff and Haupt, Michael and Hirschfeld, Robert},
  year={2008},
  publisher={Hasso-Plattner-Institute},
  location={Potsdam}
}

@book{ducasse2010dynamic,
  title={Dynamic web development with Seaside},
  author={Ducasse, St{\'e}phane and Renggli, Lukas and Shaffer, David and Zaccone, Rick},
  year={2010},
  publisher={Square Bracket Associates}
}

@article{reenskaug1979original,
  title={The original MVC reports},
  author={Reenskaug, Trygve Mikjel H},
  year={1979}
}

